@book{arnold2018finite,
  title={Finite element exterior calculus},
  author={Arnold, Douglas N},
  year={2018},
  publisher={SIAM}
}

@article{arnold2006finite,
  title={Finite element exterior calculus, homological techniques, and applications},
  author={Arnold, Douglas N and Falk, Richard S and Winther, Ragnar},
  journal={Acta numerica},
  volume={15},
  pages={1--155},
  year={2006},
  publisher={Cambridge University Press}
}

@article{cotter2012mixed,
  title={Mixed finite elements for numerical weather prediction},
  author={Cotter, Colin J and Shipton, Jemma},
  journal={Journal of Computational Physics},
  volume={231},
  number={21},
  pages={7076--7091},
  year={2012},
  publisher={Elsevier}
}

@book{gibson2019compatible,
  title={Compatible Finite Element Methods for Geophysical Flows: Automation and Implementation Using Firedrake},
  author={Gibson, Thomas H and McRae, Andrew TT and Cotter, Colin J and Mitchell, Lawrence and Ham, David A},
  year={2019},
  publisher={Springer Nature}
}